@article{Zheng-gapless2017,
  author = {Zheng, Jiacheng and Ran, Kejing and Li, Tianrun and Wang, Jinghui and Wang, Pengshuai and Liu, Bin and Liu, Zheng-Xin and Normand, B. and Wen, Jinsheng and Yu, Weiqiang},
  journal = {Phys. Rev. Lett.},
  volume = {119},
  issue = {22},
  pages = {227208},
  numpages = {6},
  year = {2017. arXiv:\href{https://arxiv.org/abs/1703.08474}{1703.08474}},
  month = {Dec},
  publisher = {American Physical Society},
  doi = {10.1103/PhysRevLett.119.227208},
  title = {Gapless Spin Excitations in the Field-Induced Quantum Spin Liquid Phase of {$\ensuremath{\alpha}\text{\ensuremath{-}}{\mathrm{RuCl}}_{3}$} },
  url = {https://link.aps.org/doi/10.1103/PhysRevLett.119.227208}  
} % . arXiv:\href{https://arxiv.org/abs/1703.08474}{1703.08474}


@misc{Zheng-SM2017,
  author = {Zheng, Jiacheng and Ran, Kejing and Li, Tianrun and Wang, Jinghui and Wang, Pengshuai and Liu, Bin and Liu, Zheng-Xin and Normand, B. and Wen, Jinsheng and Yu, Weiqiang},
  year = {2017. \href{http://link.aps.org/supplemental/10.1103/PhysRevLett.119.227208}{Supplementary material} },
  title = {Supplementary Materials for ``Gapless Spin Excitations in the Field-Induced Quantum Spin Liquid Phase of {$\ensuremath{\alpha}\text{\ensuremath{-}}{\mathrm{RuCl}}_{3}$}'' }
}

@article{Baek2017,
  title = {Evidence for a Field-Induced Quantum Spin Liquid in {$\ensuremath{\alpha}$-${\mathrm{RuCl}}_{3}$} },
  author = {Baek, S.-H. and Do, S.-H. and Choi, K.-Y. and Kwon, Y. S. and Wolter, A. U. B. and Nishimoto, S. and van den Brink, Jeroen and B\"uchner, B.},
  journal = {Phys. Rev. Lett.},
  volume = {119},
  issue = {3},
  pages = {037201},
  numpages = {5},
  year = {2017. arXiv:\href{https://arxiv.org/abs/1702.01671}{1702.01671}},
  month = {Jul},
  eprint= {1702.01671},eprinttype  = {arxiv},
  publisher = {American Physical Society},
  doi = {10.1103/PhysRevLett.119.037201},
  url = {https://link.aps.org/doi/10.1103/PhysRevLett.119.037201}
}   %eprint = {arXiv:\href{https://arxiv.org/abs/1702.01671}{1702.01671} },

@misc{tanaka2020,
      title={Thermodynamic evidence for field-angle dependent Majorana gap in a Kitaev spin liquid}, 
      author={O. Tanaka and Y. Mizukami and R. Harasawa and K. Hashimoto and N. Kurita and H. Tanaka and S. Fujimoto and Y. Matsuda and E. -G. Moon and T. Shibauchi},
      year={2020. arXiv: \href{https://arxiv.org/abs/2007.06757 }{2007.06757}},
      eprint={ \href{https://arxiv.org/abs/2007.06757 }{2007.06757} },
      archivePrefix={arXiv},
      primaryClass={cond-mat.str-el}
}

@book{coleman2015,
  title={Introduction to Many-Body Physics},
  author={Coleman, P.},
  isbn={9780521864886},
  lccn={2015001415},
  url={https://books.google.com.br/books?id=kcrZCgAAQBAJ},
  year={2015},
  publisher={Cambridge University Press}
}

@book{altland2010condensed,
  title={Condensed Matter Field Theory},
  author={Altland, A. and Simons, B.D.},
  isbn={9780521769754},
  lccn={2010282464},
  series={Cambridge books online},
  url={https://books.google.com.br/books?id=GpF0Pgo8CqAC},
  year={2010},
  publisher={Cambridge University Press}
}


@article{Nagai_2020,
   title={Two-step gap opening across the quantum critical point in the Kitaev honeycomb magnet 
{$\ensuremath{\alpha}$-${\mathrm{RuCl}}_{3}$} },
   volume={101},
   ISSN={2469-9969},
   url={http://dx.doi.org/10.1103/PhysRevB.101.020414},
   DOI={10.1103/physrevb.101.020414},
   number={2},
   journal={Physical Review B},
   publisher={American Physical Society (APS)},
   author={Nagai, Yuya and Jinno, Takaaki and Yoshitake, Junki and Nasu, Joji and Motome, Yukitoshi and Itoh, Masayuki and Shimizu, Yasuhiro},
   year={2020. arXiv: \href{https://arxiv.org/abs/1810.05379}{1810.05379} },
   month={Jan}
}

%------------------------------------------------------------------------
%------------------------------------------------------------------------
%-----------------  Verificar publicação  -------------------------------
@misc{Takagi2019,
      title={Kitaev quantum spin liquid - concept and materialization}, 
      author={Hidenori Takagi and Tomohiro Takayama and George Jackeli and Giniyat Khaliullin and Stephen E. Nagler},
      year={2019. arXiv: \href{https://arxiv.org/abs/1903.08081}{1903.08081} },
      eprint={1903.08081},
      archivePrefix={arXiv},
      primaryClass={cond-mat.str-el}
}
%------------------------------------------------------------------------
%------------------------------------------------------------------------
%------------------------------------------------------------------------

@article{Knolle_2019,
   title={A Field Guide to Spin Liquids},
   volume={10},
   ISSN={1947-5462},
   url={http://dx.doi.org/10.1146/annurev-conmatphys-031218-013401},
   DOI={10.1146/annurev-conmatphys-031218-013401},
   number={1},
   journal={Annual Review of Condensed Matter Physics},
   publisher={Annual Reviews},
   author={Knolle, J. and Moessner, R.},
   year={2019. arXiv: \href{https://arxiv.org/abs/1804.02037}{1804.02037} },
   month={Mar},
   pages={451–472}
}
@article{Balents2010,
   title={Spin liquids in frustrated magnets},
   volume={464},
   number={7286},
   journal={Nature},
   publisher={(London)},
   author={Balents, Leon},
   year={2010},
   pages={199-208}
}

@article{Savary_2016,
   title={Quantum spin liquids: a review},
   volume={80},
   ISSN={1361-6633},
   url={http://dx.doi.org/10.1088/0034-4885/80/1/016502},
   DOI={10.1088/0034-4885/80/1/016502},
   number={1},
   journal={Reports on Progress in Physics},
   publisher={IOP Publishing},
   author={Savary, Lucile and Balents, Leon},
   year={2016. arXiv: \href{https://arxiv.org/abs/1601.03742}{1601.03742} },
   month={Nov},
   pages={016502}
}

@article{Nayak2008,
  title = {Non-Abelian anyons and topological quantum computation},
  author = {Nayak, Chetan and Simon, Steven H. and Stern, Ady and Freedman, Michael and Das Sarma, Sankar},
  journal = {Rev. Mod. Phys.},
  volume = {80},
  issue = {3},
  pages = {1083--1159},
  numpages = {0},
  year = {2008. arXiv: \href{https://arxiv.org/abs/0707.1889}{0707.1889} },
  month = {Sep},
  publisher = {American Physical Society},
  doi = {10.1103/RevModPhys.80.1083},
  url = {https://link.aps.org/doi/10.1103/RevModPhys.80.1083}
}


@article{Kitaev_2006,
   title={Anyons in an exactly solved model and beyond},
   volume={321},
   ISSN={0003-4916},
   url={http://dx.doi.org/10.1016/j.aop.2005.10.005},
   DOI={10.1016/j.aop.2005.10.005},
   number={1},
   journal={Annals of Physics},
   publisher={Elsevier BV},
   author={Kitaev, Alexei},
   year={2006. arXiv: \href{https://arxiv.org/abs/cond-mat/0506438}{cond-mat/0506438} },
   month={Jan},
   pages={2–111}
}


@article{Jackeli_2009,
   title={Mott Insulators in the Strong Spin-Orbit Coupling Limit: From Heisenberg to a Quantum Compass and Kitaev Models},
   volume={102},
   ISSN={1079-7114},
   url={http://dx.doi.org/10.1103/PhysRevLett.102.017205},
   DOI={10.1103/physrevlett.102.017205},
   number={1},
   journal={Physical Review Letters},
   publisher={American Physical Society (APS)},
   author={Jackeli, G. and Khaliullin, G.},
   year={2009. arXiv: \href{https://arxiv.org/abs/0809.4658}{0809.4658} },
   month={Jan}
}

@article{Aasen_2020,
   title={Electrical Probes of the Non-Abelian Spin Liquid in Kitaev Materials},
   volume={10},
   number={3},
   journal={Physical Review X},
   publisher={American Physical Society},
   author={Aasen, David and Mong, Roger S.K. and Hunt, Benjamin M. and Mandrus, David and Alicea, Jason},
   year={2020. arXiv: \href{https://arxiv.org/abs/2002.01944}{2002.01944} }
}
@article{Lieb_1994,
   title={Flux Phase of the Half-Filled Band},
   volume={73},
   ISSN={0031-9007},
   url={http://dx.doi.org/10.1103/PhysRevLett.73.2158},
   DOI={10.1103/physrevlett.73.2158},
   number={16},
   journal={Physical Review Letters},
   publisher={American Physical Society (APS)},
   author={Lieb, Elliott H.},
   year={1994},
   month={Oct},
   pages={2158–2161}
}

@misc{trebst2017kitaev,
      title={Kitaev Materials}, 
      author={Simon Trebst},
      year={2017. arXiv: \href{https://arxiv.org/abs/1701.07056}{1701.07056}},
      eprint={1701.07056},
      archivePrefix={arXiv},
      primaryClass={cond-mat.str-el}
}

% \href{https://www.nature.com/articles/s42254-019-0038-2}{}
@Inbook{Misguich2011,
author="Misguich, Gr{\'e}goire  and Lacroix, Claudine and Mendels, Philippeand and Mila, Fr{\'e}d{\'e}ric",
title="Quantum Spin Liquids and Fractionalization",
bookTitle="Introduction to Frustrated Magnetism: Materials, Experiments, Theory",
year="2011",
publisher="Springer Berlin Heidelberg",
address="Berlin, Heidelberg",
pages="407--435",
abstract="This chapter discusses quantum antiferromagnets which do not break any symmetries at zero temperature -- also called ``spin liquids'' -- and focuses on lattice spin models with Heisenberg-like (i.e. SU(2)-symmetric) interactions in dimensions larger than one. We begin by discussing the Lieb--Schultz--Mattis theorem and its recent extension to D > 1 by Hastings (2004), which establishes an important distinction between spin liquids with an integer and with a half-integer spin per unit cell. Spin liquids of the first kind, ``band insulators'', can often be understood by elementary means, whereas the latter, ``Mott insulators'', are more complex (featuring ``topological order'') and support spin-1/2 excitations (spinons). The fermionic formalism (Affleck and Marston, 1988) is described and the effect of fluctuations about mean-field solutions, such as the possible creation of instabilities, is discussed in a qualitative way. In particular, we explain the emergence of gauge modes and their relation to fractionalization. The concept of the projective symmetry group (X.-G. Wen, 2002) is introduced, with the aid of some examples. Finally, we present the phenomenology of (gapped) short-ranged resonating-valence-bond spin liquids, and make contact with the fermionic approach by discussing their description in terms of a fluctuating Z2 gauge field. Some recent references are given to other types of spin liquid, including gapless ones.",
isbn="978-3-642-10589-0",
doi="10.1007/978-3-642-10589-0_16",
url="https://doi.org/10.1007/978-3-642-10589-0_16"
}

@article{Kasahara_2018,
   title={Majorana quantization and half-integer thermal quantum Hall effect in a Kitaev spin liquid},
   volume={559},
   ISSN={1476-4687},
   url={http://dx.doi.org/10.1038/s41586-018-0274-0},
   DOI={10.1038/s41586-018-0274-0},
   number={7713},
   journal={Nature},
   publisher={Springer Science and Business Media LLC},
   author={Kasahara, Y. and Ohnishi, T. and Mizukami, Y. and Tanaka, O. and Ma, Sixiao and Sugii, K. and Kurita, N. and Tanaka, H. and Nasu, J. and Motome, Y. and et al.},
   year={2018. arXiv: \href{https://arxiv.org/abs/1805.05022v2}{1805.05022}},
   month={Jul},
   pages={227–231}
}

@article{Kitaev_2003,
   title={Fault-tolerant quantum computation by anyons},
   volume={303},
   ISSN={0003-4916},
   url={http://dx.doi.org/10.1016/S0003-4916(02)00018-0},
   DOI={10.1016/s0003-4916(02)00018-0},
   number={1},
   journal={Annals of Physics},
   publisher={Elsevier BV},
   author={Kitaev, A.Yu.},
   year={2003. arXiv: \href{https://arxiv.org/abs/quant-ph/9707021}{quant-ph/9707021}},
   month={Jan},
   pages={2–30}
}

@article{Avron1983,
  title = {Homotopy and Quantization in Condensed Matter Physics},
  author = {Avron, J. E. and Seiler, R. and Simon, B.},
  journal = {Phys. Rev. Lett.},
  volume = {51},
  issue = {1},
  pages = {51--53},
  numpages = {0},
  year = {1983},
  month = {Jul},
  publisher = {American Physical Society},
  doi = {10.1103/PhysRevLett.51.51},
  url = {https://link.aps.org/doi/10.1103/PhysRevLett.51.51}
}

@article{Read_2000,
   title={Paired states of fermions in two dimensions with breaking of parity and time-reversal symmetries and the fractional quantum Hall effect},
   volume={61},
   ISSN={1095-3795},
   url={http://dx.doi.org/10.1103/PhysRevB.61.10267},
   DOI={10.1103/physrevb.61.10267},
   number={15},
   journal={Physical Review B},
   publisher={American Physical Society (APS)},
   author={Read, N. and Green, Dmitry},
   year={2000. arXiv: \href{https://arxiv.org/abs/cond-mat/9906453}{cond-mat/9906453}},
   month={Apr},
   pages={10267–10297}
}



@misc{yokoi2020halfinteger,
      title={Half-integer quantized anomalous thermal Hall effect in the Kitaev material {$\ensuremath{\alpha}\text{\ensuremath{-}}{\mathrm{RuCl}}_{3}$} }, 
      author={T. Yokoi and S. Ma and Y. Kasahara and S. Kasahara and T. Shibauchi and N. Kurita and H. Tanaka and J. Nasu and Y. Motome and C. Hickey and S. Trebst and Y. Matsuda},
      year={2020. arXiv: \href{https://arxiv.org/abs/2001.01899}{2001.01899}},
      eprint={2001.01899},
      archivePrefix={arXiv},
      primaryClass={cond-mat.str-el}
}

@article{Winter_2017,
   title={Models and materials for generalized Kitaev magnetism},
   volume={29},
   ISSN={1361-648X},
   url={http://dx.doi.org/10.1088/1361-648X/aa8cf5},
   DOI={10.1088/1361-648x/aa8cf5},
   number={49},
   journal={Journal of Physics: Condensed Matter},
   publisher={IOP Publishing},
   author={Winter, Stephen M and Tsirlin, Alexander A and Daghofer, Maria and van den Brink, Jeroen and Singh, Yogesh and Gegenwart, Philipp and Valentí, Roser},
   year={2017. arXiv: \href{https://arxiv.org/abs/1706.06113}{1706.06113}},
   month={Nov},
   pages={493002}
}

@misc{go2020identification,
      title={Identification of a Kitaev Quantum Spin Liquid by Magnetic Field Angle Dependence}, 
      author={Ara Go and Kyusung Hwang and Ji Heon Seong and Takasada Shibauchi and Eun-Gook Moon},
      year={2020},
      eprint={2004.06119},
      archivePrefix={arXiv},
      primaryClass={cond-mat.str-el}
}

@article{Olga_2014,
  title = {Unpaired Majorana modes on dislocations and string defects in Kitaev's honeycomb model},
  author = {Petrova, Olga and Mellado, Paula and Tchernyshyov, Oleg},
  journal = {Phys. Rev. B},
  volume = {90},
  issue = {13},
  pages = {134404},
  numpages = {14},
  year = {2014. arXiv: \href{https://arxiv.org/abs/1406.6407}{1406.6407}},
  month = {Oct},
  publisher = {American Physical Society},
  doi = {10.1103/PhysRevB.90.134404},
  url = {https://link.aps.org/doi/10.1103/PhysRevB.90.134404}
}

@article{Knolle_2018,
  title = {Dynamics of a quantum spin liquid beyond integrability: The Kitaev-Heisenberg-$\mathrm{\ensuremath{\Gamma}}$ model in an augmented parton mean-field theory},
  author = {Knolle, Johannes and Bhattacharjee, Subhro and Moessner, Roderich},
  journal = {Phys. Rev. B},
  volume = {97},
  issue = {13},
  pages = {134432},
  numpages = {15},
  year = {2018. arXiv: \href{https://arxiv.org/abs/1801.03774}{1801.03774} },
  month = {Apr},
  publisher = {American Physical Society},
  doi = {10.1103/PhysRevB.97.134432},
  url = {https://link.aps.org/doi/10.1103/PhysRevB.97.134432}
}

@article{Nasu_2018,
   title={Successive Majorana topological transitions driven by a magnetic field in the Kitaev model},
   volume={98},
   ISSN={2469-9969},
   url={http://dx.doi.org/10.1103/PhysRevB.98.060416},
   DOI={10.1103/physrevb.98.060416},
   number={6},
   journal={Physical Review B},
   publisher={American Physical Society (APS)},
   author={Nasu, Joji and Kato, Yasuyuki and Kamiya, Yoshitomo and Motome, Yukitoshi},
   year={2018. arXiv: \href{https://arxiv.org/abs/1805.02423}{1805.02423} },
   month={Aug}
}

@article{Kim_Kee_2016,
  title = {Crystal structure and magnetism in {$\ensuremath{\alpha}{\mathrm{-RuCl}}_{3}$}: An \textit{ab initio} study},
  author = {Kim, Heung-Sik and Kee, Hae-Young},
  journal = {Phys. Rev. B},
  volume = {93},
  issue = {15},
  pages = {155143},
  numpages = {10},
  year = {2016. arXiv: \href{https://arxiv.org/abs/1509.04723}{1509.04723} },
  month = {Apr},
  publisher = {American Physical Society},
  doi = {10.1103/PhysRevB.93.155143},
  url = {https://link.aps.org/doi/10.1103/PhysRevB.93.155143}
}

@article{Cao_2016,
  title = {Low-temperature crystal and magnetic structure of {$\ensuremath{\alpha}{\mathrm{-RuCl}}_{3}$} },
  author = {Cao, H. B. and Banerjee, A. and Yan, J.-Q. and Bridges, C. A. and Lumsden, M. D. and Mandrus, D. G. and Tennant, D. A. and Chakoumakos, B. C. and Nagler, S. E.},
  journal = {Phys. Rev. B},
  volume = {93},
  issue = {13},
  pages = {134423},
  numpages = {8},
  year = {2016. arXiv: \href{https://arxiv.org/abs/1602.08112}{1602.08112}},
  month = {Apr},
  publisher = {American Physical Society},
  doi = {10.1103/PhysRevB.93.134423},
  url = {https://link.aps.org/doi/10.1103/PhysRevB.93.134423}
}

@article{Johnson_2015,
  title = {Monoclinic crystal structure of {$\ensuremath{\alpha}{\mathrm{-RuCl}}_{3}$} and the zigzag antiferromagnetic ground state},
  author = {Johnson, R. D. and Williams, S. C. and Haghighirad, A. A. and Singleton, J. and Zapf, V. and Manuel, P. and Mazin, I. I. and Li, Y. and Jeschke, H. O. and Valent\'{\i}, R. and Coldea, R.},
  journal = {Phys. Rev. B},
  volume = {92},
  issue = {23},
  pages = {235119},
  numpages = {12},
  year = {2015. arXiv: \href{https://arxiv.org/abs/1509.02670}{1509.02670} },
  month = {Dec},
  publisher = {American Physical Society},
  doi = {10.1103/PhysRevB.92.235119},
  url = {https://link.aps.org/doi/10.1103/PhysRevB.92.235119}
}

@article{Liu_2018,
   title={Dirac and Chiral Quantum Spin Liquids on the Honeycomb Lattice in a Magnetic Field},
   volume={120},
   ISSN={1079-7114},
   url={http://dx.doi.org/10.1103/PhysRevLett.120.187201},
   DOI={10.1103/physrevlett.120.187201},
   number={18},
   journal={Physical Review Letters},
   publisher={American Physical Society (APS)},
   author={Liu, Zheng-Xin and Normand, B.},
   year={2018. arXiv: \href{https://arxiv.org/abs/1709.07990}{1709.07990} },
   month={May}
}

@article{Banerjee_2016,
   title={Proximate Kitaev quantum spin liquid behaviour in a honeycomb magnet},
   volume={15},
   ISSN={1476-4660},
   url={http://dx.doi.org/10.1038/nmat4604},
   DOI={10.1038/nmat4604},
   number={7},
   journal={Nature Materials},
   publisher={Springer Science and Business Media LLC},
   author={Banerjee, A. and Bridges, C. A. and Yan, J.-Q. and Aczel, A. A. and Li, L. and Stone, M. B. and Granroth, G. E. and Lumsden, M. D. and Yiu, Y. and Knolle, J. and et al.},
   year={2016},
   month={Apr},
   pages={733–740}
}





@book{kowalewski2006nuclear,
  title={Nuclear Spin Relaxation in Liquids: Theory, Experiments, and Applications},
  author={Kowalewski, J. and Maler, L.},
  isbn={9781420012194},
  lccn={2005054885},
  series={Series in Chemical Physics},
  url={https://books.google.to/books?id=6HwqBgAAQBAJ},
  year={2006},
  publisher={CRC Press}
}


@article {Banerjee1055,
	author = {Banerjee, Arnab and Yan, Jiaqiang and Knolle, Johannes and Bridges, Craig A. and Stone, Matthew B. and Lumsden, Mark D. and Mandrus, David G. and Tennant, David A. and Moessner, Roderich and Nagler, Stephen E.},
	title = {Neutron scattering in the proximate quantum spin liquid {$\ensuremath{\alpha}{\mathrm{-RuCl}}_{3}$}},
	volume = {356},
	number = {6342},
	pages = {1055--1059},
	year = {2017},
	doi = {10.1126/science.aah6015},
	publisher = {American Association for the Advancement of Science},
	issn = {0036-8075},
	URL = {https://science.sciencemag.org/content/356/6342/1055},
	eprint = {https://science.sciencemag.org/content/356/6342/1055.full.pdf},
	journal = {Science}
}





@article{Moriya1956,
    author = {Moriya, Tôru},
    title = "{Nuclear Magnetic Relaxation in Antiferromagnetics}",
    journal = {Progress of Theoretical Physics},
    volume = {16},
    number = {1},
    pages = {23-44},
    year = {1956},
    month = {07},
    abstract = "{The mechanism of the thermal relaxation of nuclear spins related with the nuclear magnetic resonance in antiferromagnetics is studied theoretically. The predominant mechanism is provided by the fluctuating local magnetic field at the nucleus coming from the electron spins which flip from time to time due to exchange interactions among them. At low temperatures this mechanism can be described in terms of the inelastic scatterings of spin waves by nuclear magnetic moments, and the thermal transition probability can be calculated from this point of view. At high temperatures the relaxation time is obtained from the local field spectra which are calculated with the use of the high temperature approximation assuming a Gaussian distribution.The calculated relaxation time of protons in CuCl2·2H2O agrees well with the experiment both in order of magnitude and in the qualitative nature of its temperature dependence. However, for MnF2, whose nuclear resonnce has not yet been observed in the range 300∼1.5 °K, the calculated relaxation time is always longer than 10−5 sec and it becomes rapidly longer as temperature is lowered. This contradicts with the interpretation of Bloembergen and Poulis who accounted for the absence of the resonance by assuming that T1 is shorter than 10−6 sec. As a possible origin of the absence of the resonance in the frequency range of their observation, effect of the hyperfine interaction is suggested.}",
    issn = {0033-068X},
    doi = {10.1143/PTP.16.23},
    url = {https://doi.org/10.1143/PTP.16.23},
    eprint = {https://academic.oup.com/ptp/article-pdf/16/1/23/5266630/16-1-23.pdf},
}


@book{mahan2000many,
  title={Many-Particle Physics},
  author={Mahan, G.D.},
  isbn={9780306463389},
  lccn={80024834},
  series={Physics of Solids and Liquids},
  url={https://books.google.com.br/books?id=xzSgZ4-yyMEC},
  year={2000},
  publisher={Springer US}
}


@article{PhysRevLett.117.037209,
  title = {Low-Energy Spin Dynamics of the Honeycomb Spin Liquid Beyond the Kitaev Limit},
  author = {Song, Xue-Yang and You, Yi-Zhuang and Balents, Leon},
  journal = {Phys. Rev. Lett.},
  volume = {117},
  issue = {3},
  pages = {037209},
  numpages = {6},
  year = {2016},
  month = {Jul},
  publisher = {American Physical Society},
  doi = {10.1103/PhysRevLett.117.037209},
  url = {https://link.aps.org/doi/10.1103/PhysRevLett.117.037209}
}


@article {Stern1179,
	author = {Stern, Ady and Lindner, Netanel H.},
	title = {Topological Quantum Computation{\textemdash}From Basic Concepts to First Experiments},
	volume = {339},
	number = {6124},
	pages = {1179--1184},
	year = {2013},
	doi = {10.1126/science.1231473},
	publisher = {American Association for the Advancement of Science},
	abstract = {Quantum computation requires controlled engineering of quantum states to perform tasks that go beyond those possible with classical computers. Topological quantum computation aims to achieve this goal by using non-Abelian quantum phases of matter. Such phases allow for quantum information to be stored and manipulated in a nonlocal manner, which protects it from imperfections in the implemented protocols and from interactions with the environment. Recently, substantial progress in this field has been made on both theoretical and experimental fronts. We review the basic concepts of non-Abelian phases and their topologically protected use in quantum information processing tasks. We discuss different possible realizations of these concepts in experimentally available solid-state systems, including systems hosting Majorana fermions, their recently proposed fractional counterparts, and non-Abelian quantum Hall states.},
	issn = {0036-8075},
	URL = {https://science.sciencemag.org/content/339/6124/1179},
	eprint = {https://science.sciencemag.org/content/339/6124/1179.full.pdf},
	journal = {Science}
}

@article{Ye-2012,
  title = {Direct evidence of a zigzag spin-chain structure in the honeycomb lattice: A neutron and x-ray diffraction investigation of single-crystal  {${\mathrm{Na}}_{2}{\mathrm{IrO}}_{3}$}},
  author = {Ye, Feng and Chi, Songxue and Cao, Huibo and Chakoumakos, Bryan C. and Fernandez-Baca, Jaime A. and Custelcean, Radu and Qi, T. F. and Korneta, O. B. and Cao, G.},
  journal = {Phys. Rev. B},
  volume = {85},
  issue = {18},
  pages = {180403},
  numpages = {4},
  year = {2012. arXiv: \href{https://arxiv.org/abs/1202.3995}{1202.3995}},
  month = {May},
  publisher = {American Physical Society},
  doi = {10.1103/PhysRevB.85.180403},
  url = {https://link.aps.org/doi/10.1103/PhysRevB.85.180403}
}

@article{Choi-2012,
  title = {Spin Waves and Revised Crystal Structure of Honeycomb Iridate  {${\mathrm{Na}}_{2}{\mathrm{IrO}}_{3}$}},
  author = {Choi, S. K. and Coldea, R. and Kolmogorov, A. N. and Lancaster, T. and Mazin, I. I. and Blundell, S. J. and Radaelli, P. G. and Singh, Yogesh and Gegenwart, P. and Choi, K. R. and Cheong, S.-W. and Baker, P. J. and Stock, C. and Taylor, J.},
  journal = {Phys. Rev. Lett.},
  volume = {108},
  issue = {12},
  pages = {127204},
  numpages = {5},
  year = {2012. arXiv: \href{https://arxiv.org/abs/1202.1268}{1202.1268}},
  month = {Mar},
  publisher = {American Physical Society},
  doi = {10.1103/PhysRevLett.108.127204},
  url = {https://link.aps.org/doi/10.1103/PhysRevLett.108.127204}
}


@article{Ran2017,
  title = {Spin-Wave Excitations Evidencing the Kitaev Interaction in Single Crystalline {$\ensuremath{\alpha}\text{\ensuremath{-}}{\mathrm{RuCl}}_{3}$} },
  author = {Ran, Kejing and Wang, Jinghui and Wang, Wei and Dong, Zhao-Yang and Ren, Xiao and Bao, Song and Li, Shichao and Ma, Zhen and Gan, Yuan and Zhang, Youtian and Park, J. T. and Deng, Guochu and Danilkin, S. and Yu, Shun-Li and Li, Jian-Xin and Wen, Jinsheng},
  journal = {Phys. Rev. Lett.},
  volume = {118},
  issue = {10},
  pages = {107203},
  numpages = {6},
  year = {2017. arXiv: \href{https://arxiv.org/abs/1702.04920}{1702.04920}},
  month = {Mar},
  publisher = {American Physical Society},
  doi = {10.1103/PhysRevLett.118.107203},
  url = {https://link.aps.org/doi/10.1103/PhysRevLett.118.107203}
}






@article{Juan-2014,
  title = {Bulk-defect correspondence in particle-hole symmetric insulators and semimetals},
  author = {de Juan, Fernando and R\"uegg, Andreas and Lee, Dung-Hai},
  journal = {Phys. Rev. B},
  volume = {89},
  issue = {16},
  pages = {161117},
  numpages = {5},
  year = {2014. arXiv: \href{https://arxiv.org/abs/1310.7594}{1310.7594}},
  month = {Apr},
  publisher = {American Physical Society},
  doi = {10.1103/PhysRevB.89.161117},
  url = {https://link.aps.org/doi/10.1103/PhysRevB.89.161117}
}

@article{Yamauchi-2018,
  title = {Local spin structure of the {$\ensuremath{\alpha}\text{\ensuremath{-}}{\mathrm{RuCl}}_{3}$} honeycomb-lattice magnet observed via muon spin rotation/relaxation},
  author = {Yamauchi, Ichihiro and Hiraishi, Masatoshi and Okabe, Hirotaka and Takeshita, Soshi and Koda, Akihiro and Kojima, Kenji M. and Kadono, Ryosuke and Tanaka, Hidekazu},
  journal = {Phys. Rev. B},
  volume = {97},
  issue = {13},
  pages = {134410},
  numpages = {10},
  year = {2018. arXiv: \href{https://arxiv.org/abs/1804.06064}{1804.06064}},
  month = {Apr},
  publisher = {American Physical Society},
  doi = {10.1103/PhysRevB.97.134410},
  url = {https://link.aps.org/doi/10.1103/PhysRevB.97.134410}
}


@book{solyom-solids,
  title={Fundamentals of the Physics of Solids: Volume 1: Structure and Dynamics},
  author={Pir{\'o}th, A. and S{\'o}lyom, J.},
  isbn={9783540726005},
  series={Fundamentals of the Physics of Solids},
  url={https://books.google.com.br/books?id=zn-se2TKv3QC},
  year={2007},
  publisher={Springer Berlin Heidelberg}
}






@article{Ye_2018,
   title={Quantization of the Thermal Hall Conductivity at Small Hall Angles},
   volume={121},
   ISSN={1079-7114},
   url={http://dx.doi.org/10.1103/PhysRevLett.121.147201},
   DOI={10.1103/physrevlett.121.147201},
   number={14},
   journal={Physical Review Letters},
   publisher={American Physical Society (APS)},
   author={Ye, Mengxing and Halász, Gábor B. and Savary, Lucile and Balents, Leon},
   year={2018. arXiv: \href{https://arxiv.org/abs/1805.10532}{1805.10532} },
   month={Oct}
}



@article{Aviv_2018,
  title = {Approximately Quantized Thermal Hall Effect of Chiral Liquids Coupled to Phonons},
  author = {Vinkler-Aviv, Yuval and Rosch, Achim},
  journal = {Phys. Rev. X},
  volume = {8},
  issue = {3},
  pages = {031032},
  numpages = {13},
  year = {2018. arXiv: \href{https://arxiv.org/abs/1805.11587}{1805.11587}},
  month = {Aug},
  publisher = {American Physical Society},
  doi = {10.1103/PhysRevX.8.031032},
  url = {https://link.aps.org/doi/10.1103/PhysRevX.8.031032}
}



@article{Hentrich_2020,
   title={High-field thermal transport properties of the Kitaev quantum magnet 
{$\ensuremath{\alpha}\text{\ensuremath{-}}{\mathrm{RuCl}}_{3}$}: Evidence for low-energy excitations beyond the critical field},
   volume={102},
   ISSN={2469-9969},
   url={http://dx.doi.org/10.1103/PhysRevB.102.235155},
   DOI={10.1103/physrevb.102.235155},
   number={23},
   journal={Physical Review B},
   publisher={American Physical Society (APS)},
   author={Hentrich, Richard and Hong, Xiaochen and Gillig, Matthias and Caglieris, Federico and Čulo, Matija and Shahrokhvand, Maryam and Zeitler, Uli and Roslova, Maria and Isaeva, Anna and Doert, Thomas and et al.},
   year={2020. arXiv: \href{https://arxiv.org/abs/2010.16282}{2010.16282} },
   month={Dec}
}




@article{Sandilands-2016,
  title = {Spin-orbit excitations and electronic structure of the putative Kitaev magnet {$\ensuremath{\alpha}\text{\ensuremath{-}}{\mathrm{RuCl}}_{3}$} },
  author = {Sandilands, Luke J. and Tian, Yao and Reijnders, Anjan A. and Kim, Heung-Sik and Plumb, K. W. and Kim, Young-June and Kee, Hae-Young and Burch, Kenneth S.},
  journal = {Phys. Rev. B},
  volume = {93},
  issue = {7},
  pages = {075144},
  numpages = {7},
  year = {2016. arXiv: \href{https://arxiv.org/abs/1503.07593}{1503.07593} },
  month = {Feb},
  publisher = {American Physical Society},
  doi = {10.1103/PhysRevB.93.075144},
  url = {https://link.aps.org/doi/10.1103/PhysRevB.93.075144}
}





@article{Knolle_2014,
   title={Dynamics of a Two-Dimensional Quantum Spin Liquid: Signatures of Emergent Majorana Fermions and Fluxes},
   volume={112},
   ISSN={1079-7114},
   url={http://dx.doi.org/10.1103/PhysRevLett.112.207203},
   DOI={10.1103/physrevlett.112.207203},
   number={20},
   journal={Physical Review Letters},
   publisher={American Physical Society (APS)},
   author={Knolle, J. and Kovrizhin, D. L. and Chalker, J. T. and Moessner, R.},
   year={2014. arXiv: \href{https://arxiv.org/abs/1308.4336}{1308.4336} },
   month={May}
}

@article{Song_2016,
   title={Low-Energy Spin Dynamics of the Honeycomb Spin Liquid Beyond the Kitaev Limit},
   volume={117},
   ISSN={1079-7114},
   url={http://dx.doi.org/10.1103/PhysRevLett.117.037209},
   DOI={10.1103/physrevlett.117.037209},
   number={3},
   journal={Physical Review Letters},
   publisher={American Physical Society (APS)},
   author={Song, Xue-Yang and You, Yi-Zhuang and Balents, Leon},
   year={2016. arXiv: \href{https://arxiv.org/abs/1604.04365}{1604.04365}},
   month={Jul}
}



@article{Sears_2017,
  title = {Phase diagram of {$\ensuremath{\alpha}\text{\ensuremath{-}}{\mathrm{RuCl}}_{3}$} in an in-plane magnetic field},
  author = {Sears, J. A. and Zhao, Y. and Xu, Z. and Lynn, J. W. and Kim, Young-June},
  journal = {Phys. Rev. B},
  volume = {95},
  issue = {18},
  pages = {180411},
  numpages = {5},
  year = {2017},
  month = {May},
  publisher = {American Physical Society},
  doi = {10.1103/PhysRevB.95.180411},
  url = {https://link.aps.org/doi/10.1103/PhysRevB.95.180411}
}




@article{Wolter_2017,
  title = {Field-induced quantum criticality in the Kitaev system {$\ensuremath{\alpha}\text{\ensuremath{-}}{\mathrm{RuCl}}_{3}$} },
  author = {Wolter, A. U. B. and Corredor, L. T. and Janssen, L. and Nenkov, K. and Sch\"onecker, S. and Do, S.-H. and Choi, K.-Y. and Albrecht, R. and Hunger, J. and Doert, T. and Vojta, M. and B\"uchner, B.},
  journal = {Phys. Rev. B},
  volume = {96},
  issue = {4},
  pages = {041405},
  numpages = {5},
  year = {2017},
  month = {Jul},
  publisher = {American Physical Society},
  doi = {10.1103/PhysRevB.96.041405},
  url = {https://link.aps.org/doi/10.1103/PhysRevB.96.041405}
}



@article{Plumb_2014,
   title={{$\ensuremath{\alpha}\text{\ensuremath{-}}{\mathrm{RuCl}}_{3}$}: A spin-orbit assisted Mott insulator on a honeycomb lattice},
   volume={90},
   ISSN={1550-235X},
   url={http://dx.doi.org/10.1103/PhysRevB.90.041112},
   DOI={10.1103/physrevb.90.041112},
   number={4},
   journal={Physical Review B},
   publisher={American Physical Society (APS)},
   author={Plumb, K. W. and Clancy, J. P. and Sandilands, L. J. and Shankar, V. Vijay and Hu, Y. F. and Burch, K. S. and Kee, Hae-Young and Kim, Young-June},
   year={2014.arXiv: \href{https://arxiv.org/abs/1403.0883}{1403.0883}},
   month={Jul}
}



@misc{kao2020vacancyinduced,
      title={Vacancy-induced low-energy density of states in the Kitaev spin liquid}, 
      author={Wen-Han Kao and Johannes Knolle and Gábor B. Halász and Roderich Moessner and Natalia B. Perkins},
      year={2020. arXiv: \href{https://arxiv.org/abs/2007.11637}{2007.11637}},
      eprint={2007.11637},
      archivePrefix={arXiv},
      primaryClass={cond-mat.str-el}
}



@article{Petrova_2014,
   title={Unpaired Majorana modes on dislocations and string defects in Kitaev’s honeycomb model},
   volume={90},
   ISSN={1550-235X},
   url={http://dx.doi.org/10.1103/PhysRevB.90.134404},
   DOI={10.1103/physrevb.90.134404},
   number={13},
   journal={Physical Review B},
   publisher={American Physical Society (APS)},
   author={Petrova, Olga and Mellado, Paula and Tchernyshyov, Oleg},
   year={2014. arXiv: \href{https://arxiv.org/abs/1406.6407}{1406.6407}},
   month={Oct}
}

@misc{carretta2009nmr,
      title={NMR and muSR in Highly Frustrated Magnets}, 
      author={Pietro Carretta and Amit Keren},
      year={2009. arXiv: \href{https://arxiv.org/abs/0905.4414}{0905.4414}},
      eprint={0905.4414},
      archivePrefix={arXiv},
      primaryClass={cond-mat.str-el}
}

@misc{takahashi2021topological,
      title={Topological Nematic Phase Transition in Kitaev Magnets Under Applied Magnetic Fields}, 
      author={Masahiro O. Takahashi and Masahiko G. Yamada and Daichi Takikawa and Takeshi Mizushima and Satoshi Fujimoto},
      year={2021. arXiv: \href{https://arxiv.org/abs/2101.05959}{2101.05959} },
      eprint={2101.05959},
      archivePrefix={arXiv},
      primaryClass={cond-mat.str-el}
}



@article{Yadav_2018,
   title={Strain- and pressure-tuned magnetic interactions in honeycomb Kitaev materials},
   volume={98},
   ISSN={2469-9969},
   url={http://dx.doi.org/10.1103/PhysRevB.98.121107},
   DOI={10.1103/physrevb.98.121107},
   number={12},
   journal={Physical Review B},
   publisher={American Physical Society (APS)},
   author={Yadav, Ravi and Rachel, Stephan and Hozoi, Liviu and van den Brink, Jeroen and Jackeli, George},
   year={2018. arXiv: \href{https://arxiv.org/abs/1802.01051}{1802.01051}},
   month={Sep}
}



@article{Rahmani_Affleck_2015,
   title={Emergent Supersymmetry from Strongly Interacting Majorana Zero Modes},
   volume={115},
   ISSN={1079-7114},
   url={http://dx.doi.org/10.1103/PhysRevLett.115.166401},
   DOI={10.1103/physrevlett.115.166401},
   number={16},
   journal={Physical Review Letters},
   publisher={American Physical Society (APS)},
   author={Rahmani, Armin and Zhu, Xiaoyu and Franz, Marcel and Affleck, Ian},
   year={2015. arXiv: \href{https://arxiv.org/abs/1504.05192}{1504.05192}},
   month={Oct}
}


@Inbook{Carretta2011,
author="Carretta, Pietro
and Keren, Amit",
editor="Lacroix, Claudine
and Mendels, Philippe
and Mila, Fr{\'e}d{\'e}ric",
title="NMR and {\textmu}SR in Highly Frustrated Magnets",
bookTitle="Introduction to Frustrated Magnetism: Materials, Experiments, Theory",
year="2011. arXiv: \href{https://arxiv.org/abs/0905.4414}{0905.4414}",
publisher="Springer Berlin Heidelberg",
address="Berlin, Heidelberg",
pages="79--105",
abstract="In this chapter, we present a brief overview of some of the most significant achievements of the nuclear magnetic resonance (NMR) and muon spin resonance ($\mu$SR) techniques in the study of highly frustrated magnets. We begin by discussing the physical quantities measured by the two techniques and their connection to the microscopic static and dynamical spin susceptibilities of a magnetic system. Our presentation of the physical insights obtained from NMR and $\mu$SR experiments is structured by starting from the most simple frustrated units, molecular nanomagnets, and continuing through artificially constructed frustrated systems, such as 3He on graphite, to magnets with a macroscopically degenerate ground state of the type familiar from the pyrochlore and kagom{\'e} lattices.",
isbn="978-3-642-10589-0",
doi="10.1007/978-3-642-10589-0_4",
url="https://doi.org/10.1007/978-3-642-10589-0_4"
}












